<?xml version="1.0" encoding="UTF-8"?><collection><record><leader>07088ntm a2200673 a 4500</leader><controlfield tag="001">006814086</controlfield><controlfield tag="003">MiAaHDL</controlfield><controlfield tag="005">20190719000000.0</controlfield><controlfield tag="006">m        d        </controlfield><controlfield tag="007">cr bn ---auaua</controlfield><controlfield tag="008">090608s1863    xx            00| ||ota d</controlfield><datafield tag="035" ind1=" " ind2=" "><subfield code="a">(MiU)006814086</subfield></datafield><datafield tag="035" ind1=" " ind2=" "><subfield code="a">sdr-miu006814086</subfield></datafield><datafield tag="040" ind1=" " ind2=" "><subfield code="a">MiU</subfield><subfield code="c">MiU</subfield><subfield code="e">amremm</subfield></datafield><datafield tag="041" ind1="1" ind2=" "><subfield code="a">ota</subfield><subfield code="h">per</subfield></datafield><datafield tag="043" ind1=" " ind2=" "><subfield code="a">n-us-mi</subfield></datafield><datafield tag="100" ind1="1" ind2=" "><subfield code="6">880-01</subfield><subfield code="a">Bukhārī, ʻAlī Shāh ibn Muḥammad,</subfield><subfield code="d">active 13th century.</subfield></datafield><datafield tag="240" ind1="1" ind2="0"><subfield code="6">880-02</subfield><subfield code="a">Ashjār va as̲mār.</subfield><subfield code="l">Turkish</subfield></datafield><datafield tag="245" ind1="1" ind2="0"><subfield code="6">880-03</subfield><subfield code="a">[Tercüme-yi Eşcar ü esmar ,</subfield><subfield code="f">1279, i.e. 1863].</subfield></datafield><datafield tag="246" ind1="3" ind2=" "><subfield code="a">Terceme-i Eşcâr u Esmâr</subfield></datafield><datafield tag="246" ind1="3" ind2=" "><subfield code="6">880-04</subfield><subfield code="i">Title from added 'title page' preceding table of contents (p.1):</subfield><subfield code="a">اشجار والاثمار</subfield></datafield><datafield tag="246" ind1="3" ind2=" "><subfield code="i">Edge title (tail):</subfield><subfield code="a">اشجار الاثمار</subfield></datafield><datafield tag="260" ind1=" " ind2=" "><subfield code="c">[1863].</subfield></datafield><datafield tag="300" ind1=" " ind2=" "><subfield code="a">166 leaves :</subfield><subfield code="b">paper ;</subfield><subfield code="c">220 x 153 (161 x 81) mm.</subfield></datafield><datafield tag="500" ind1=" " ind2=" "><subfield code="a">Shelfmark: Ann Arbor, University of Michigan, Special Collections Library, Isl. Ms. 820</subfield></datafield><datafield tag="500" ind1=" " ind2=" "><subfield code="a">Origin: As appears in colophon on p.326, copied by Osman Zeki (ʻUthmān Zakī) with transcription completed 18 Dhū al-Ḥijjah 1279 [ca. 6 June 1863]. As appears in preceding authorial colophon (also on p.326) composition completed 1180 [1766 or 7].</subfield></datafield><datafield tag="500" ind1=" " ind2=" "><subfield code="a">Binding: Pasteboards covered in red leather ; Type II binding (with flap) ; pastedowns and flyleaves in bright yellow surface-dyed coated paper ; upper and lower covers carry tooled and gold-painted border and corner accents ; sewn in red thread, two stations, many broken ; overall in fair condition with minor abrasion, staining, detached at spine (bulk of the textblock is loose), etc.</subfield></datafield><datafield tag="500" ind1=" " ind2=" "><subfield code="a">Support: European laid paper with 13 laid lines per cm. (vertical), chain lines spaced 22 mm. apart (horizontal), and watermarks of an eagle (p.12, etc.) and lion in shield / arms (see p.10, etc.), beige in color, sturdy though crisp, heavily burnished.</subfield></datafield><datafield tag="500" ind1=" " ind2=" "><subfield code="a">Decoration: Most keywords and headings rubricated, others in blue ink ; written area of incipit and facing page (pp.14-15) surrounded by a series of red and blue rules, elsewhere written area surrounded by red rule-border ; numerous line diagrams and tables mainly in red ink (see p.45, 48, 49, 52, 151-2, 179, 184-6, 191, 267-8, 275, 311, and 325) ; overlining in red.</subfield></datafield><datafield tag="500" ind1=" " ind2=" "><subfield code="a">Script: Nastaʻlīq (talik) ; elegant hand ; serifless, with slight effect of words inclining to the right and descending to baseline, closed counters, and elongated horizontal strokes.</subfield></datafield><datafield tag="500" ind1=" " ind2=" "><subfield code="a">Layout: Written in 23 lines per page ; frame-ruled.</subfield></datafield><datafield tag="500" ind1=" " ind2=" "><subfield code="a">Collation: i, III (6), 16 V(166), i ; almost exclusively quinions ; final three leaves ruled but left blank ; pagination in black ink, Hindu-Arabic numerals (begins at opening of table of contents) ; pagination in pencil, Western numerals, supplied during digitization (referenced in cataloguing).</subfield></datafield><datafield tag="500" ind1=" " ind2=" "><subfield code="a">Dedication: As appears in opening matter on p.15 (and in added 'title page' inscription preceding table of contents on p.1), translation executed for Sultan Mustafa III (r.1757-1774).</subfield></datafield><datafield tag="500" ind1=" " ind2=" "><subfield code="a">Colophon: "Authorial," reads "بو تاريخ تمام ترجمه ١١٨٠" ; "Scribal," triangular, reads "حرره الفقير السيد عثمان زكى من تلاميذ بكرى عبد الرحمن افندى غفر عنه البار سنه تاسع وسبعين ومائتين والف شهر ذى الحجه يوم ثامن عشر تمت كتاب"</subfield></datafield><datafield tag="500" ind1=" " ind2=" "><subfield code="a">Explicit: "درجه ودقيقه سنده واقع اولمشدر پس عون عنايت ربانى وتوفيق سعادت رفيق سبحانى ايله بو تحفۀ شريفك ترجمه سى رسيده حسن ختام اولمغله تبركا تيمنا در حال اخذ ارتفاع النوب زائچۀ اتمام كشيده وتسطيره قلندى الحمد لله على الاتمام والصلوة والسلام على خير الانام واله وصحبه الكرام ايليه رب الانام بادشهى مستدام كلدى بو تاريخ تمام ترجمه ١١٨٠"</subfield></datafield><datafield tag="500" ind1=" " ind2=" "><subfield code="a">Incipit: "حمد سپاس بيحد وقياس اول مالك الملك على الاطلاق وفياض كلشن سراى انفس وافاق تعالى شانه عن الفهم والادراك ... پس ذكراتى تحفۀ لطيف نك مؤلفى اولان نهال حديقۀ علم وعرفان وثمره شجره واتقان وعليشاه ابن قاسم خوارزمى رحمة الله عليه علم حساب ونجومده ممتاز الامثال اولمغله ... فن مذبورده مفصل ومشروح بر نسخۀ بينظر جمع وتعبيه واشجار واثمار اسميله تسميه ايدوب ... ایچون لسان تركى اوزره ترجمه سنه بو عبد العزيز كم بضاعه يى مأمور بيورملريله ..."</subfield></datafield><datafield tag="500" ind1=" " ind2=" "><subfield code="a">Title supplied by cataloguer.</subfield></datafield><datafield tag="500" ind1=" " ind2=" "><subfield code="a">Ms. codex.</subfield></datafield><datafield tag="510" ind1="4" ind2=" "><subfield code="a">King, D. A Survey of the scientific manuscripts in the Egyptian National Library ( Winona Lake, 1986),</subfield><subfield code="c">no. G32 ; no. H31</subfield></datafield><datafield tag="510" ind1="4" ind2=" "><subfield code="a">Storey, C. Persian Literature,</subfield><subfield code="c">vol. II, p. 61, no. 94</subfield></datafield><datafield tag="510" ind1="4" ind2=" "><subfield code="a">Suter, H. Die Mathematiker und Astronomen der Araber und ihre Werke,</subfield><subfield code="c">no. 396</subfield></datafield><datafield tag="510" ind1="4" ind2=" "><subfield code="a">Ḥājjī Khalīfah. Kashf al-ẓunūn,</subfield><subfield code="c">i 318 [2/967]</subfield></datafield><datafield tag="520" ind1="8" ind2=" "><subfield code="a">Fine copy of Subhizade Hekîmbaşı Abdülaziz Efendî's (d.1783) Turkish rendering of the astrological treatise, Ashjār va as̲mār or S̲amarah-i shajarah-i nujūm, by ʻAlāʼ al-Dīn ʻAlī Shāh ibn Muḥammad ibn Qāsim al-Khuvārizmī al-Bukhārī. Table of contents at opening (pp.2-11).</subfield></datafield><datafield tag="538" ind1=" " ind2=" "><subfield code="a">Mode of access: Internet.</subfield></datafield><datafield tag="541" ind1=" " ind2=" "><subfield code="a">Purchased in Cairo, 1933/34.</subfield></datafield><datafield tag="546" ind1=" " ind2=" "><subfield code="a">Ottoman Turkish.</subfield></datafield><datafield tag="561" ind1=" " ind2=" "><subfield code="a">Inscription "M. 4" on verso of front flyleaf, as well as book price and romanized author and title inscription "Alī-shāh b. al-Qāsim al-Khwārizmī, Kitab al-ashjār wa'l-athmār. Rare! Suter No 396, 80 Piastres" ; traces of a paper label on upper cover ; effaced statement and seal impression on 'title page' (p.13) ; occasional glosses and marginal corrections ; horoscopes (زایچه) for author and translator at close on p.325.</subfield></datafield><datafield tag="650" ind1=" " ind2="0"><subfield code="a">Manuscripts, Turkish</subfield><subfield code="z">Michigan</subfield><subfield code="z">Ann Arbor.</subfield></datafield><datafield tag="650" ind1=" " ind2="0"><subfield code="a">Astrology</subfield><subfield code="v">Early works to 1800.</subfield></datafield><datafield tag="700" ind1="1" ind2=" "><subfield code="a">Meyerhof, Max,</subfield><subfield code="d">1874-1945,</subfield><subfield code="e">former owner.</subfield></datafield><datafield tag="700" ind1="0" ind2=" "><subfield code="6">880-07</subfield><subfield code="a">Osman Zeki,</subfield><subfield code="d">fl. 1863,</subfield><subfield code="e">scribe.</subfield></datafield><datafield tag="700" ind1="0" ind2=" "><subfield code="6">880-05</subfield><subfield code="a">Hekîmbaşı Abdülaziz Efendî,</subfield><subfield code="d">d. 1783.</subfield></datafield><datafield tag="773" ind1="0" ind2=" "><subfield code="a">Tracy W. McGregor Collection of Arabic, Persian, and Turkish Mathematical and Astronomical Manuscripts.</subfield></datafield><datafield tag="880" ind1="0" ind2=" "><subfield code="6">700-07/</subfield><subfield code="a">عثمان زكى,</subfield><subfield code="e">ناسخ.</subfield></datafield><datafield tag="880" ind1="0" ind2=" "><subfield code="6">700-05/</subfield><subfield code="a">حكيم باشى عبد العزيز افندى.</subfield></datafield><datafield tag="880" ind1="3" ind2=" "><subfield code="6">246-04/</subfield><subfield code="a">Ashjār wa-al-athmār</subfield></datafield><datafield tag="880" ind1="1" ind2="0"><subfield code="6">245-03/</subfield><subfield code="a">[ترجمه اشجار واثمار,</subfield><subfield code="f">1279ه, 1863م].</subfield></datafield><datafield tag="880" ind1="1" ind2="0"><subfield code="6">240-02/</subfield><subfield code="a">اشجار و اثمار.</subfield><subfield code="l">Turkish</subfield></datafield><datafield tag="880" ind1="1" ind2=" "><subfield code="6">100-01/</subfield><subfield code="a">بخاري, علي شاه بن محمد.</subfield></datafield><datafield tag="CID" ind1=" " ind2=" "><subfield code="a">006814086</subfield></datafield><datafield tag="DAT" ind1="0" ind2=" "><subfield code="a">20190719102638.0</subfield><subfield code="b">20190719000000.0</subfield></datafield><datafield tag="DAT" ind1="1" ind2=" "><subfield code="a">20190719090653.0</subfield><subfield code="b">2019-07-19T16:12:02Z</subfield></datafield><datafield tag="DAT" ind1="2" ind2=" "><subfield code="a">2015-10-10T18:00:06Z</subfield></datafield><datafield tag="CAT" ind1=" " ind2=" "><subfield code="a">SDR-MIU</subfield><subfield code="d">EX LIBRIS - ALEPH</subfield><subfield code="l">prepare.pl-004-008</subfield></datafield><datafield tag="FMT" ind1=" " ind2=" "><subfield code="a">BK</subfield></datafield><datafield tag="HOL" ind1=" " ind2=" "><subfield code="0">sdr-miu006814086</subfield><subfield code="a">MiU</subfield><subfield code="b">SDR</subfield><subfield code="c">MIU</subfield><subfield code="p">mdp.39015079128677</subfield><subfield code="s">MIU</subfield><subfield code="1">006814086</subfield></datafield><datafield tag="974" ind1=" " ind2=" "><subfield code="b">MIU</subfield><subfield code="c">MIU</subfield><subfield code="d">20190719</subfield><subfield code="s">lit-dlps-dc</subfield><subfield code="u">mdp.39015079128677</subfield><subfield code="y">1863</subfield><subfield code="r">pd</subfield><subfield code="q">bib</subfield><subfield code="t">non-US bib date1 &lt; 1896</subfield></datafield></record></collection>